
% Journals

% First the Full Name is given, then the abbreviation used in the AMS Math
% Reviews, with an indication if it could not be found there.
% Note the 2nd overwrites the 1st, so swap them if you want the full name.

 %{AMS}
 @String{AMSTrans = "American Mathematical Society Translations" }
 @String{AMSTrans = "Amer. Math. Soc. Transl." }
 @String{BullAMS = "Bulletin of the American Mathematical Society" }
 @String{BullAMS = "Bull. Amer. Math. Soc." }
 @String{ProcAMS = "Proceedings of the American Mathematical Society" }
 @String{ProcAMS = "Proc. Amer. Math. Soc." }
 @String{TransAMS = "Transactions of the American Mathematical Society" }
 @String{TransAMS = "Trans. Amer. Math. Soc." }

 %ACM
 @String{CACM = "Communications of the {ACM}" }
 @String{CACM = "Commun. {ACM}" }
 @String{CompServ = "Comput. Surveys" }
 @String{JACM = "J. ACM" }
 @String{ACMMathSoft = "{ACM} Transactions on Mathematical Software" }
 @String{ACMMathSoft = "{ACM} Trans. Math. Software" }
 @String{SIGNUM = "{ACM} {SIGNUM} Newsletter" }
 @String{SIGNUM = "{ACM} {SIGNUM} Newslett." }

 @String{AmerSocio = "American Journal of Sociology" }
 @String{AmerStatAssoc = "Journal of the American Statistical Association" }
 @String{AmerStatAssoc = "J. Amer. Statist. Assoc." }
 @String{ApplMathComp = "Applied Mathematics and Computation" }
 @String{ApplMathComp = "Appl. Math. Comput." }
 @String{AmerMathMonthly = "American Mathematical Monthly" }
 @String{AmerMathMonthly = "Amer. Math. Monthly" }
 @String{BIT = "{BIT}" }
 @String{BritStatPsych = "British Journal of Mathematical and Statistical
          Psychology" }
 @String{BritStatPsych = "Brit. J. Math. Statist. Psych." }
 @String{CanMathBull = "Canadian Mathematical Bulletin" }
 @String{CanMathBull = "Canad. Math. Bull." }
 @String{CompApplMath = "Journal of Computational and Applied Mathematics" }
 @String{CompApplMath = "J. Comput. Appl. Math." }
 @String{CompPhys = "Journal of Computational Physics" }
 @String{CompPhys = "J. Comput. Phys." }
 @String{CompStruct = "Computers and Structures" }
 @String{CompStruct = "Comput. \& Structures" }
 @String{CompJour = "The Computer Journal" }
 @String{CompJour = "Comput. J." }
 @String{CompSysSci = "Journal of Computer and System Sciences" }
 @String{CompSysSci = "J. Comput. System Sci." }
 @String{Computing = "Computing" }
 @String{ContempMath = "Contemporary Mathematics" }
 @String{ContempMath = "Contemp. Math." }
 @String{Crelle = "Crelle's Journal" }
 @String{GiornaleMath = "Giornale di Mathematiche" }
 @String{GiornaleMath = "Giorn. Mat." } % didn't find in AMS MR., ibid.

 %IEEE
 @String{Computer = "{IEEE} Computer" }
 @String{IEEETransComp = "{IEEE} Transactions on Computers" }
 @String{IEEETransComp = "{IEEE} Trans. Comput." }
 @String{IEEETransAC = "{IEEE} Transactions on Automatic Control" }
 @String{IEEETransAC = "{IEEE} Trans. Automat. Control" }
 @String{IEEESpec = "{IEEE} Spectrum" } % didn't find in AMS MR
 @String{ProcIEEE = "Proceedings of the {IEEE}" }
 @String{ProcIEEE = "Proc. {IEEE}" } % didn't find in AMS MR
 @String{IEEETransAeroElec = "{IEEE} Transactions on Aerospace and Electronic
     Systems" }
 @String{IEEETransAeroElec = "{IEEE} Trans. Aerospace Electron. Systems" }

 @String{IMANumerAna = "{IMA} Journal of Numerical Analysis" }
 @String{IMANumerAna = "{IMA} J. Numer. Anal." }
 @String{InfProcLet = "Information Processing Letters" }
 @String{InfProcLet = "Inform. Process. Lett." }
 @String{InstMathApp = "Journal of the Institute of Mathematics and
     its Applications" }
 @String{InstMathApp = "J. Inst. Math. Appl." }
 @String{IntControl = "International Journal of Control" }
 @String{IntControl = "Internat. J. Control" }
 @String{IntNumerEng = "International Journal for Numerical Methods in
     Engineering" }
 @String{IntNumerEng = "Internat. J. Numer. Methods Engrg." }
 @String{IntSuper = "International Journal of Supercomputing Applications" }
 @String{IntSuper = "Internat. J. Supercomputing Applic." } % didn't find
%% in AMS MR
 @String{Kibernetika = "Kibernetika" }
 @String{JResNatBurStand = "Journal of Research of the National Bureau
     of Standards" }
 @String{JResNatBurStand = "J. Res. Nat. Bur. Standards" }
 @String{LinAlgApp = "Linear Algebra and its Applications" }
 @String{LinAlgApp = "Linear Algebra Appl." }
 @String{MathAnaAppl = "Journal of Mathematical Analysis and Applications" }
 @String{MathAnaAppl = "J. Math. Anal. Appl." }
 @String{MathAnnalen = "Mathematische Annalen" }
 @String{MathAnnalen = "Math. Ann." }
 @String{MathPhys = "Journal of Mathematical Physics" }
 @String{MathPhys = "J. Math. Phys." }
 @String{MathComp = "Mathematics of Computation" }
 @String{MathComp = "Math. Comp." }
 @String{MathScand = "Mathematica Scandinavica" }
 @String{MathScand = "Math. Scand." }
 @String{TablesAidsComp = "Mathematical Tables and Other Aids to Computation" }
 @String{TablesAidsComp = "Math. Tables Aids Comput." }
 @String{NumerMath = "Numerische Mathematik" }
 @String{NumerMath = "Numer. Math." }
 @String{PacificMath = "Pacific Journal of Mathematics" }
 @String{PacificMath = "Pacific J. Math." }
 @String{ParDistComp = "Journal of Parallel and Distributed Computing" }
 @String{ParDistComp = "J. Parallel and Distrib. Comput." } % didn't find
%% in AMS MR
 @String{ParComputing = "Parallel Computing" }
 @String{ParComputing = "Parallel Comput." }
 @String{PhilMag = "Philosophical Magazine" }
 @String{PhilMag = "Philos. Mag." }
 @String{ProcNAS = "Proceedings of the National Academy of Sciences
                    of the USA" }
 @String{ProcNAS = "Proc. Nat. Acad. Sci. U. S. A." }
 @String{Psychometrika = "Psychometrika" }
 @String{QuartMath = "Quarterly Journal of Mathematics, Oxford, Series (2)" }
 @String{QuartMath = "Quart. J. Math. Oxford Ser. (2)" }
 @String{QuartApplMath = "Quarterly of Applied Mathematics" }
 @String{QuartApplMath = "Quart. Appl. Math." }
 @String{RevueInstStat = "Review of the International Statisical Institute" }
 @String{RevueInstStat = "Rev. Inst. Internat. Statist." }

 %SIAM
 @String{JSIAM = "Journal of the Society for Industrial and Applied
     Mathematics" }
 @String{JSIAM = "J. Soc. Indust. Appl. Math." }
 @String{JSIAMB = "Journal of the Society for Industrial and Applied
     Mathematics, Series B, Numerical Analysis" }
 @String{JSIAMB = "J. Soc. Indust. Appl. Math. Ser. B Numer. Anal." }
 @String{SIAMAlgMeth = "{SIAM} Journal on Algebraic and Discrete Methods" }
 @String{SIAMAlgMeth = "{SIAM} J. Algebraic Discrete Methods" }
 @String{SIAMAppMath = "{SIAM} Journal on Applied Mathematics" }
 @String{SIAMAppMath = "{SIAM} J. Appl. Math." }
 @String{SIAMComp = "{SIAM} Journal on Computing" }
 @String{SIAMComp = "{SIAM} J. Comput." }
 @String{SIAMMatrix = "{SIAM} Journal on Matrix Analysis and Applications" }
 @String{SIAMMatrix = "{SIAM} J. Matrix Anal. Appl." }
 @String{SIAMNumAnal = "{SIAM} Journal on Numerical Analysis" }
 @String{SIAMNumAnal = "{SIAM} J. Numer. Anal." }
 @String{SIAMReview = "{SIAM} Review" }
 @String{SIAMReview = "{SIAM} Rev." }
 @String{SIAMSciStat = "{SIAM} Journal on Scientific and Statistical
     Computing" }
 @String{SIAMSciStat = "{SIAM} J. Sci. Statist. Comput." }

 @String{SoftPracExp = "Software Practice and Experience" }
 @String{SoftPracExp = "Software Prac. Experience" } % didn't find in AMS MR
 @String{StatScience = "Statistical Science" }
 @String{StatScience = "Statist. Sci." }
 @String{Techno = "Technometrics" }
 @String{USSRCompMathPhys = "{USSR} Computational Mathematics and Mathematical
     Physics" }
 @String{USSRCompMathPhys = "{U. S. S. R.} Comput. Math. and Math. Phys." }
 @String{VLSICompSys = "Journal of {VLSI} and Computer Systems" }
 @String{VLSICompSys = "J. {VLSI} Comput. Syst." }
 @String{ZAngewMathMech = "Zeitschrift fur Angewandte Mathematik und
     Mechanik" }
 @String{ZAngewMathMech = "Z. Angew. Math. Mech." }
 @String{ZAngewMathPhys = "Zeitschrift fur Angewandte Mathematik und Physik" }
 @String{ZAngewMathPhys = "Z. Angew. Math. Phys." }

% Publishers % ================================================= |

 @String{Academic = "Academic Press" }
 @String{ACMPress = "{ACM} Press" }
 @String{AdamHilger = "Adam Hilger" }
 @String{AddisonWesley = "Addison-Wesley" }
 @String{AllynBacon = "Allyn and Bacon" }
 @String{AMS = "American Mathematical Society" }
 @String{Birkhauser = "Birkha{\"u}ser" }
 @String{CambridgePress = "Cambridge University Press" }
 @String{Chelsea = "Chelsea" }
 @String{ClaredonPress = "Claredon Press" }
 @String{DoverPub = "Dover Publications" }
 @String{Eyolles = "Eyolles" }
 @String{HoltRinehartWinston = "Holt, Rinehart and Winston" }
 @String{Interscience = "Interscience" }
 @String{JohnsHopkinsPress = "The Johns Hopkins University Press" }
 @String{JohnWileySons = "John Wiley and Sons" }
 @String{Macmillan = "Macmillan" }
 @String{MathWorks = "The Math Works Inc." }
 @String{McGrawHill = "McGraw-Hill" }
 @String{NatBurStd = "National Bureau of Standards" }
 @String{NorthHolland = "North-Holland" }
 @String{OxfordPress = "Oxford University Press" }  %address Oxford or London?
 @String{PergamonPress = "Pergamon Press" }
 @String{PlenumPress = "Plenum Press" }
 @String{PrenticeHall = "Prentice-Hall" }
 @String{SIAMPub = "{SIAM} Publications" }
 @String{Springer = "Springer-Verlag" }
 @String{TexasPress = "University of Texas Press" }
 @String{VanNostrand = "Van Nostrand" }
 @String{WHFreeman = "W. H. Freeman and Co." }

%Entries

@Article{Abril07,
  author        = "Patricia S. Abril and Robert Plant",
  title         = "The patent holder's dilemma: Buy, sell, or troll?",
  journal       = "Communications of the ACM",
  volume        = "50",
  number        = "1",
  month         = jan,
  year          = "2007",
  pages         = "36--44",
  doi           = "10.1145/1188913.1188915",
  url           = "http://doi.acm.org/10.1145/1219092.1219093",
  note          = "",
}

@Article{Cohen07,
  author        = "Sarah Cohen and Werner Nutt and Yehoshua Sagic",
  title         = "Deciding equivalances among conjunctive aggregate queries",
  journal       = JACM,
  articleno     = "5",
  numpages      = "50",
  volume        = "54",
  number        = "2",
  month         = apr,
  year          = "2007",
  doi           = "10.1145/1219092.1219093",
  url           = "http://doi.acm.org/10.1145/1219092.1219093",
  acmid         = "1219093",
  note          = "",
}


@periodical{JCohen96,
  key =          "Cohen",
  editor =       "Jacques Cohen",
  title =        "Special issue: Digital Libraries",
  journal =      CACM,
  volume =       "39",
  number =       "11",
  month =        nov,
  year =         "1996",
}


@Book{Kosiur01,
  author =       "David Kosiur",
  title =        "Understanding Policy-Based Networking",
  publisher =    "Wiley",
  year =         "2001",
  address =      "USA",
  edition =      "2.",
  editor =       "",
  volume =       "",
  number =       "",
  series =       "",
  month =        "",
  note =         "",
}


@Book{Harel79,
  author =       "David Harel",
  year =         "1979",
  title =        "First-Order Dynamic Logic",
  series =       "Lecture Notes in Computer Science",
  volume =       "68",
  address =      "New York, NY",
  publisher =    "Springer-Verlag",
  doi =          "10.1007/3-540-09237-4",
  url =          "http://dx.doi.org/10.1007/3-540-09237-4",
  editor =       "",
  number =       "",
  month =        "",
  note =         "",
}

@inbook{Editor00,
  author       = {Peter Eston}, 
  title        = {The title of the work},
  chapter      = 8,
  pages        = {201-213},
  publisher    = {The name of the publisher},
  doi =          "10.1007/3-540-09237-4",
  year         = 1993,
  volume       = 4,
  series       = 5,
  address      = {The address of the publisher},
  edition      = 3,
  month        = 7,
  note         = {An optional note}
}

%
@InBook{Editor00a,
  author =       "",
  editor =       "Ian Editor",
  title =        "The title of book two",
  subtitle =     "The book subtitle",
  series =       "The name of the series two",
  year =         "2008",
  address =      "Chicago",
  edition =      "2nd.",
  publisher =    "University of Chicago Press",
  doi =          "10.1007/3-540-09237-4",
  url =          "http://dx.doi.org/10.1007/3-540-09456-9",
  volume =       "",
  chapter =      "100",
  pages        = {201-213},
  number =       "",
  type =         "",
  month =        "",
  note =         "",
}


% incollection (has an editor, title, and possibly a booktitle)
@Incollection{Spector90,
  author =       "Asad Z. Spector",
  title =        "Achieving application requirements",
  booktitle =    "Distributed Systems",
  publisher =    "ACM Press",
  address =      "New York, NY",
  year =         "1990",
  edition =      "2nd.",
  chapter =      "",
  editor =       "Sape Mullender",
  pages =        "19--33",
  doi =          "10.1145/90417.90738",
  url =          "http://doi.acm.org/10.1145/90417.90738",
  volume =       "",
  number =       "",
  series =       "",
  type =         "",
  month =        "",
  note =         "",
}


% incollection (has an editor, title, and possibly a booktitle)
@Incollection{Douglass98,
  author =       "Bruce P. Douglass and David Harel and Mark B. Trakhtenbrot",
  title =        "Statecarts in use: structured analysis and object-orientation",
  series =       "Lecture Notes in Computer Science",
  booktitle =    "Lectures on Embedded Systems",
  publisher =    "Springer-Verlag",
  address =      "London",
  volume =       "1494",
  year =         "1998",
  chapter =      "",
  editor =       "Grzegorz Rozenberg and Frits W. Vaandrager",
  pages =        "368--394",
  doi =          "10.1007/3-540-65193-4_29",
  url =          "http://dx.doi.org/10.1007/3-540-65193-4_29",
  edition =      "",
  number =       "",
  type =         "",
  month =        "",
  note =         "",
}


@Book{Knuth97,
  author =       "Donald E. Knuth",
  title =        "The Art of Computer Programming, Vol. 1: Fundamental Algorithms (3rd. ed.)",
  publisher =    "Addison Wesley Longman Publishing Co., Inc.",
  year =         "1997",
  address =      "USA",
  edition =      "",
  editor =       "",
  volume =       "",
  number =       "",
  series =       "",
  month =        "",
  note =         "",
}


@Book{Knuth98,
  author =       "Donald E. Knuth",
  year =         "1998",
  title =        "The Art of Computer Programming",
  series =       "Fundamental Algorithms",
  volume =       "1",
  edition =      "3rd",
  address =      "",
  publisher =    "Addison Wesley Longman Publishing Co., Inc.",
  doi =          "",
  url =          "",
  editor =       "",
  number =       "",
  month =        "",
  note =         "(book)",
}

%Inbook{Knuth97,
%  author =       "Donald E. Knuth",
%  title =        "The Art of Computer Programming",
%  booktitle =    "the booktitle",
%  edition =      "3",
%  volume =       "1",
%  year =         "1997",
%  publisher =    "Addison Wesley Longman Publishing Co., Inc.",
%  editor =       "",
%  number =       "",
%  series =       "Fundamental Algorithms",
%  type =         "",
%  chapter =      "",
%  pages =        "",
%  address =      "",
%  month =        "",
%  note =         "(inbook)",
%}

%INBOOK{DK:73-inbook-full,
%   author = "Donald E. Knuth",
%   title = "Fundamental Algorithms (inbook w series)",
%   volume = 1,
%   series = "The Art of Computer Programming",
%   publisher = "Addison-Wesley",
%   address = "Reading, Massachusetts",
%   edition = "Second",
%   month = "10~" # jan,
%   year = "1973",
%   type = "Section",
%   chapter = "1.2",
%   pages = "10--119",
%   note = "Full INBOOK entry (w series)",
%}

%INcollection{DK:74-incoll,
%   author = "Donald E. Knuth",
%   title = "Fundamental Algorithms (incoll)",
%   volume = 1,
%   booktitle = "The Art of Computer Programming",
%   publisher = "Addison-Wesley",
%   address = "Reading, Massachusetts",
%   month = "10~" # jan,
%   year = "1974",
%   pages = "10--119",
%   editor = "Bernard Rous",
%   note = "This is a full incoll entry with an editor",
%}

%INcollection{DK:75-incollws,
%   author = "Donald E. Knuth",
%   title = "Fundamental Algorithms (incoll w series)",
%   volume = 1,
%   booktitle = "The Art of Computer Programming",
%   series = "The Art of Computer Programming",
%   publisher = "Addison-Wesley",
%   address = "Reading, Massachusetts",
%   month = "10~" # jan,
%   year = "1975",
%   pages = "10--119",
%   editor = "Bernard Rous",
%   note = "This is a full incoll entry with an editor and series",
%}


@incollection{GM05,
Author= "Dan Geiger and Christopher Meek",
Title= "Structured Variational Inference Procedures and their Realizations (as incol)",
Year= 2005,
Booktitle="Proceedings of Tenth International Workshop on Artificial Intelligence and Statistics, {\rm The Barbados}",
Publisher="The Society for Artificial Intelligence and Statistics",
Month= jan,
Editors= "Z. Ghahramani and R. Cowell"
}

@Inproceedings{Smith10,
  author =       "Stan W. Smith",
  title =        "An experiment in bibliographic mark-up: Parsing metadata for XML export",
  booktitle =    "Proceedings of the 3rd. annual workshop on Librarians and Computers",
  series =       "LAC '10",
  editor =       "Reginald N. Smythe and Alexander Noble",
  volume =       "3",
  year =         "2010",
  publisher =    "Paparazzi Press",
  address =      "Milan Italy",
  pages =        "422--431",
  doi =          "10.1038/nphys1170",
  url =          "https://dx.doi.org/10.1038/nphys1170",
  number =       "",
  month =        "",
  organization = "",
  note =         "",
}

@Inproceedings{VanGundy07,
  author =       "Matthew Van Gundy and Davide Balzarotti and Giovanni Vigna",
  year =         "2007",
  title =        "Catch me, if you can: Evading network signatures with web-based polymorphic worms",
  booktitle =    "Proceedings of the first USENIX workshop on Offensive Technologies",
  series =       "WOOT '07",
  publisher =    "USENIX Association",
  address =      "Berkley, CA",
  articleno =    "7",
  numpages =     "9",
  editor =       "",
  volume =       "",
  number =       "",
  pages =        "",
  month =        "",
  organization = "",
  note =         "",
}

@Inproceedings{VanGundy08,
  author =       "Matthew Van Gundy and Davide Balzarotti and Giovanni Vigna",
  year =         "2008",
  title =        "Catch me, if you can: Evading network signatures with web-based polymorphic worms",
  booktitle =    "Proceedings of the first USENIX workshop on Offensive Technologies",
  series =       "WOOT '08",
  publisher =    "USENIX Association",
  address =      "Berkley, CA",
  articleno =    "7",
  numpages =     "2",
  editor =       "",
  volume =       "",
  number =       "",
  pages =        "99-100",
  month =        "",
  organization = "",
  note =         "",
}

@Inproceedings{VanGundy09,
  author =       "Matthew Van Gundy and Davide Balzarotti and Giovanni Vigna",
  year =         "2009",
  title =        "Catch me, if you can: Evading network signatures with web-based polymorphic worms",
  booktitle =    "Proceedings of the first USENIX workshop on Offensive Technologies",
  series =       "WOOT '09",
  publisher =    "USENIX Association",
  address =      "Berkley, CA",
  articleno =    "",
  numpages =     "",
  editor =       "",
  volume =       "",
  number =       "",
  pages =        "90--100",
  month =        "",
  organization = "",
  note =         "",
}

@Inproceedings{Andler79,
  author =       "Sten Andler",
  title =        "Predicate Path expressions",
  booktitle =    "Proceedings of the 6th. ACM SIGACT-SIGPLAN symposium on Principles of Programming Languages",
  series =       "POPL '79",
  year =         "1979",
  publisher =    "ACM Press",
  address =      "New York, NY",
  pages =        "226--236",
  doi =          "10.1145/567752.567774",
  url =          "http://doi.acm.org/10.1145/567752.567774",
  editor =       "",
  volume =       "",
  number =       "",
  month =        "",
  organization = "",
  note =         "",
}

@Techreport{Harel78,
  author =       "David Harel",
  year =         "1978",
  title =        "LOGICS of Programs: AXIOMATICS and DESCRIPTIVE POWER",
  institution =  "Massachusetts Institute of Technology",
  type =         "MIT Research Lab Technical Report",
  number =       "TR-200",
  address =      "Cambridge, MA",
  month =        "",
  note =         "",
}

@MASTERSTHESIS{anisi03,
author = {David A. Anisi},
title = {Optimal Motion Control of a Ground Vehicle},
school = {Royal Institute of Technology (KTH), Stockholm, Sweden},
intitution = {FOI-R-0961-SE, Swedish Defence Research Agency (FOI)},
year = {2003},
}


@Phdthesis{Clarkson85,
  author =       "Kenneth L. Clarkson",
  year =         "1985",
  title =        "Algorithms for Closest-Point Problems (Computational Geometry)",
  school =       "Stanford University",
  address =      "Palo Alto, CA",
  note =         "UMI Order Number: AAT 8506171",
  type =         "",
  month =        "",
}


@online{Thornburg01,
  author =       "Harry Thornburg",
  year =         "2001",
  title =        "Introduction to Bayesian Statistics",
  url =          "http://ccrma.stanford.edu/~jos/bayes/bayes.html",
  organization = "Stanford University",
  month =        mar,
  lastaccessed = "March 2, 2005",
}


@online{Ablamowicz07,
  author =       "Rafal Ablamowicz and Bertfried Fauser",
  year =         "2007",
  title =        "CLIFFORD: a Maple 11 Package for Clifford Algebra Computations, version 11",
  url =          "http://math.tntech.edu/rafal/cliff11/index.html",
  lastaccessed = "February 28, 2008",
  organization = "Tennessee Technological University",
}


@misc{Poker06,
  author =       "Poker-Edge.Com",
  year =         "2006",
  month =        mar,
  title =        "Stats and Analysis",
  lastaccessed = "June 7, 2006",
  url =          "http://www.poker-edge.com/stats.php",
}

@misc{Obama08,
  author        = "Barack Obama",
  year          = "2008",
  title         = "A more perfect union",
  howpublished  = "Video",
  day           = "5",
  url           = "http://video.google.com/videoplay?docid=6528042696351994555",
  month         = mar,
  lastaccessed  = "March 21, 2008",
  note          =  "",
}

@misc{JoeScientist001,
  author =       "Joseph Scientist",
  year =         "2009",
  title =        "The fountain of youth",
  note =         "Patent No. 12345, Filed July 1st., 2008, Issued Aug. 9th., 2009",
  url =          "",
  howpublished = "",
  month =        aug,
  lastaccessed = "",
}


@Inproceedings{Novak03,
  author =       "Dave Novak",
  title =        "Solder man",
  booktitle =    "ACM SIGGRAPH 2003 Video Review on Animation theater Program: Part I - Vol. 145 (July 27--27, 2003)",
  year =         "2003",
  publisher =    "ACM Press",
  address =      "New York, NY",
  pages =        "4",
  month =        "March 21, 2008",
  doi =          "99.9999/woot07-S422",
  url =          "http://video.google.com/videoplay?docid=6528042696351994555",
  note =         "",
  howpublished = "Video",
  editor =       "",
  volume =       "",
  number =       "",
  series =       "",
  organization = "",
}


@article{Lee05,
  author =       "Newton Lee",
  year =         "2005",
  title =        "Interview with Bill Kinder: January 13, 2005",
  journal =      "Comput. Entertain.",
  eid =          "4",
  volume =       "3",
  number =       "1",
  month =        "Jan.-March",
  doi =          "10.1145/1057270.1057278",
  url =          "http://doi.acm.org/10.1145/1057270.1057278",
  howpublished = "Video",
  note =         "",
}

@article{Rous08,
  author =       "Bernard Rous",
  year =         "2008",
  title =        "The Enabling of Digital Libraries",
  journal =      "Digital Libraries",
  volume =       "12",
  number =       "3",
  month =        jul,
  articleno =    "5",
  doi =          "",
  url =          "",
  howpublished = "",
  note =         "To appear",
}

@article{384253,
 author = {Werneck,, Renato and Setubal,, Jo\~{a}o and da Conceic\~{a}o,, Arlindo},
 title = {(old) Finding minimum congestion spanning trees},
 journal = {J. Exp. Algorithmics},
 volume = {5},
 year = {2000},
 issn = {1084-6654},
 pages = {11},
 doi = {http://doi.acm.org/10.1145/351827.384253},
 publisher = {ACM},
 address = {New York, NY, USA},
 }


@article{Werneck:2000:FMC:351827.384253,
 author = {Werneck, Renato and Setubal, Jo\~{a}o and da Conceic\~{a}o, Arlindo},
 title = {(new) Finding minimum congestion spanning trees},
 journal = {J. Exp. Algorithmics},
 volume = {5},
 month = dec,
 year = {2000},
 issn = {1084-6654},
 articleno = {11},
 url = {http://portal.acm.org/citation.cfm?id=351827.384253},
 doi = {10.1145/351827.384253},
 acmid = {384253},
 publisher = {ACM},
 address = {New York, NY, USA},
}

@article{1555162,
 author = {Conti, Mauro and Di Pietro, Roberto and Mancini, Luigi V. and Mei, Alessandro},
 title = {(old) Distributed data source verification in wireless sensor networks},
 journal = {Inf. Fusion},
 volume = {10},
 number = {4},
 year = {2009},
 issn = {1566-2535},
 pages = {342--353},
 doi = {http://dx.doi.org/10.1016/j.inffus.2009.01.002},
 publisher = {Elsevier Science Publishers B. V.},
 address = {Amsterdam, The Netherlands, The Netherlands},
 }

@article{Conti:2009:DDS:1555009.1555162,
 author = {Conti, Mauro and Di Pietro, Roberto and Mancini, Luigi V. and Mei, Alessandro},
 title = {(new) Distributed data source verification in wireless sensor networks},
 journal = {Inf. Fusion},
 volume = {10},
 number = {4},
 month = oct,
 year = {2009},
 issn = {1566-2535},
 pages = {342--353},
 numpages = {12},
 url = {http://portal.acm.org/citation.cfm?id=1555009.1555162},
 doi = {10.1016/j.inffus.2009.01.002},
 acmid = {1555162},
 publisher = {Elsevier Science Publishers B. V.},
 address = {Amsterdam, The Netherlands, The Netherlands},
 keywords = {Clone detection, Distributed protocol, Securing data fusion, Wireless sensor networks},
}

@inproceedings{Li:2008:PUC:1358628.1358946,
 author = {Li, Cheng-Lun and Buyuktur, Ayse G. and Hutchful, David K. and Sant, Natasha B. and Nainwal, Satyendra K.},
 title = {Portalis: using competitive online interactions to support aid initiatives for the homeless},
 booktitle = {CHI '08 extended abstracts on Human factors in computing systems},
 year = {2008},
 isbn = {978-1-60558-012-X},
 location = {Florence, Italy},
 pages = {3873--3878},
 numpages = {6},
 url = {http://portal.acm.org/citation.cfm?id=1358628.1358946},
 doi = {10.1145/1358628.1358946},
 acmid = {1358946},
 publisher = {ACM},
 address = {New York, NY, USA},
 keywords = {cscw, distributed knowledge acquisition, incentive design, online games, recommender systems, reputation systems, user studies, virtual community},
}

@book{Hollis:1999:VBD:519964,
 author = {Hollis, Billy S.},
 title = {Visual Basic 6: Design, Specification, and Objects with Other},
 year = {1999},
 isbn = {0130850845},
 edition = {1st},
 publisher = {Prentice Hall PTR},
 address = {Upper Saddle River, NJ, USA},
 }


@inproceedings{GLogS,
  author       = {Longbin Lai and
                  Yufan Yang and
                  Zhibin Wang and
                  Yuxuan Liu and
                  Haotian Ma and
                  Sijie Shen and
                  Bingqing Lyu and
                  Xiaoli Zhou and
                  Wenyuan Yu and
                  Zhengping Qian and
                  Chen Tian and
                  Sheng Zhong and
                  Yeh{-}Ching Chung and
                  Jingren Zhou},
  editor       = {Julia Lawall and
                  Dan Williams},
  title        = {GLogS: Interactive Graph Pattern Matching Query At Large Scale},
  booktitle    = {2023 {USENIX} Annual Technical Conference, {USENIX} {ATC} 2023, Boston,
                  MA, USA, July 10-12, 2023},
  pages        = {53--69},
  publisher    = {{USENIX} Association},
  year         = {2023},
  url          = {https://www.usenix.org/conference/atc23/presentation/lai},
  timestamp    = {Sat, 15 Jul 2023 00:21:53 +0200},
  biburl       = {https://dblp.org/rec/conf/usenix/LaiYWLMSLZYQ00C23.bib},
  bibsource    = {dblp computer science bibliography, https://dblp.org}
}

@article{astarjoin,
  author       = {Immanuel Haffner and
                  Jens Dittrich},
  title        = {Efficiently Computing Join Orders with Heuristic Search},
  journal      = {Proc. {ACM} Manag. Data},
  volume       = {1},
  number       = {1},
  pages        = {73:1--73:26},
  year         = {2023},
  url          = {https://doi.org/10.1145/3588927},
  doi          = {10.1145/3588927},
  timestamp    = {Thu, 15 Jun 2023 21:57:49 +0200},
  biburl       = {https://dblp.org/rec/journals/pacmmod/HaffnerD23.bib},
  bibsource    = {dblp computer science bibliography, https://dblp.org}
}

@inproceedings{wanderjoin,
  author       = {Feifei Li and
                  Bin Wu and
                  Ke Yi and
                  Zhuoyue Zhao},
  editor       = {Fatma {\"{O}}zcan and
                  Georgia Koutrika and
                  Sam Madden},
  title        = {Wander Join: Online Aggregation via Random Walks},
  booktitle    = {Proceedings of the 2016 International Conference on Management of
                  Data, {SIGMOD} Conference 2016, San Francisco, CA, USA, June 26 -
                  July 01, 2016},
  pages        = {615--629},
  publisher    = {{ACM}},
  year         = {2016},
  url          = {https://doi.org/10.1145/2882903.2915235},
  doi          = {10.1145/2882903.2915235},
  timestamp    = {Sun, 02 Oct 2022 16:15:19 +0200},
  biburl       = {https://dblp.org/rec/conf/sigmod/0001WYZ16.bib},
  bibsource    = {dblp computer science bibliography, https://dblp.org}
}

@article{nested-tods-1984,
  author       = {Toshihide Ibaraki and
                  Tiko Kameda},
  title        = {On the Optimal Nesting Order for Computing N-Relational Joins},
  journal      = {{ACM} Trans. Database Syst.},
  volume       = {9},
  number       = {3},
  pages        = {482--502},
  year         = {1984},
  url          = {https://doi.org/10.1145/1270.1498},
  doi          = {10.1145/1270.1498},
  timestamp    = {Tue, 06 Nov 2018 12:51:47 +0100},
  biburl       = {https://dblp.org/rec/journals/tods/IbarakiK84.bib},
  bibsource    = {dblp computer science bibliography, https://dblp.org}
}

@inproceedings{optimize-nested-vldb-1986,
  author       = {Ravi Krishnamurthy and
                  Haran Boral and
                  Carlo Zaniolo},
  editor       = {Wesley W. Chu and
                  Georges Gardarin and
                  Setsuo Ohsuga and
                  Yahiko Kambayashi},
  title        = {Optimization of Nonrecursive Queries},
  booktitle    = {VLDB'86 Twelfth International Conference on Very Large Data Bases,
                  August 25-28, 1986, Kyoto, Japan, Proceedings},
  pages        = {128--137},
  publisher    = {Morgan Kaufmann},
  year         = {1986},
  url          = {http://www.vldb.org/conf/1986/P128.PDF},
  timestamp    = {Wed, 29 Mar 2017 16:45:23 +0200},
  biburl       = {https://dblp.org/rec/conf/vldb/KrishnamurthyBZ86.bib},
  bibsource    = {dblp computer science bibliography, https://dblp.org}
}

@article{graindb,
  author       = {Guodong Jin and
                  Semih Salihoglu},
  title        = {Making RDBMSs Efficient on Graph Workloads Through Predefined Joins},
  journal      = {Proc. {VLDB} Endow.},
  volume       = {15},
  number       = {5},
  pages        = {1011--1023},
  year         = {2022},
  url          = {https://www.vldb.org/pvldb/vol15/p1011-jin.pdf},
  doi          = {10.14778/3510397.3510400},
  timestamp    = {Mon, 23 Oct 2023 15:31:39 +0200},
  biburl       = {https://dblp.org/rec/journals/pvldb/JinS22.bib},
  bibsource    = {dblp computer science bibliography, https://dblp.org}
}

@article{data-dependency-join,
  author       = {Jan Kossmann and
                  Thorsten Papenbrock and
                  Felix Naumann},
  title        = {Data dependencies for query optimization: a survey},
  journal      = {{VLDB} J.},
  volume       = {31},
  number       = {1},
  pages        = {1--22},
  year         = {2022},
  url          = {https://doi.org/10.1007/s00778-021-00676-3},
  doi          = {10.1007/s00778-021-00676-3},
  timestamp    = {Mon, 28 Aug 2023 21:35:31 +0200},
  biburl       = {https://dblp.org/rec/journals/vldb/KossmannPN22.bib},
  bibsource    = {dblp computer science bibliography, https://dblp.org}
}

@inproceedings{index-based-join-sampling,
  author       = {Viktor Leis and
                  Bernhard Radke and
                  Andrey Gubichev and
                  Alfons Kemper and
                  Thomas Neumann},
  title        = {Cardinality Estimation Done Right: Index-Based Join Sampling},
  booktitle    = {8th Biennial Conference on Innovative Data Systems Research, {CIDR}
                  2017, Chaminade, CA, USA, January 8-11, 2017, Online Proceedings},
  publisher    = {www.cidrdb.org},
  year         = {2017},
  url          = {http://cidrdb.org/cidr2017/papers/p9-leis-cidr17.pdf},
  timestamp    = {Mon, 18 Jul 2022 17:13:00 +0200},
  biburl       = {https://dblp.org/rec/conf/cidr/LeisRGK017.bib},
  bibsource    = {dblp computer science bibliography, https://dblp.org}
}

@inproceedings{ripple-join,
  author       = {Peter J. Haas and
                  Joseph M. Hellerstein},
  editor       = {Alex Delis and
                  Christos Faloutsos and
                  Shahram Ghandeharizadeh},
  title        = {Ripple Joins for Online Aggregation},
  booktitle    = {{SIGMOD} 1999, Proceedings {ACM} {SIGMOD} International Conference
                  on Management of Data, June 1-3, 1999, Philadelphia, Pennsylvania,
                  {USA}},
  pages        = {287--298},
  publisher    = {{ACM} Press},
  year         = {1999},
  url          = {https://doi.org/10.1145/304182.304208},
  doi          = {10.1145/304182.304208},
  timestamp    = {Fri, 12 Mar 2021 14:14:34 +0100},
  biburl       = {https://dblp.org/rec/conf/sigmod/HaasH99.bib},
  bibsource    = {dblp computer science bibliography, https://dblp.org}
}


@article{indexed-ripple-join,
  author       = {Richard J. Lipton and
                  Jeffrey F. Naughton},
  title        = {Query Size Estimation by Adaptive Sampling},
  journal      = {J. Comput. Syst. Sci.},
  volume       = {51},
  number       = {1},
  pages        = {18--25},
  year         = {1995},
  url          = {https://doi.org/10.1006/jcss.1995.1050},
  doi          = {10.1006/jcss.1995.1050},
  timestamp    = {Tue, 16 Feb 2021 14:04:23 +0100},
  biburl       = {https://dblp.org/rec/journals/jcss/LiptonN95.bib},
  bibsource    = {dblp computer science bibliography, https://dblp.org}
}


@inproceedings{selinger,
  author       = {Patricia G. Selinger and
                  Morton M. Astrahan and
                  Donald D. Chamberlin and
                  Raymond A. Lorie and
                  Thomas G. Price},
  editor       = {Philip A. Bernstein},
  title        = {Access Path Selection in a Relational Database Management System},
  booktitle    = {Proceedings of the 1979 {ACM} {SIGMOD} International Conference on
                  Management of Data, Boston, Massachusetts, USA, May 30 - June 1},
  pages        = {23--34},
  publisher    = {{ACM}},
  year         = {1979},
  url          = {https://doi.org/10.1145/582095.582099},
  doi          = {10.1145/582095.582099},
  timestamp    = {Thu, 11 Mar 2021 15:20:15 +0100},
  biburl       = {https://dblp.org/rec/conf/sigmod/SelingerACLP79.bib},
  bibsource    = {dblp computer science bibliography, https://dblp.org}
}

@online{postgres-row-estimation,
  year =         "2023",
  title =        "Postgresql Documentation 16. Chapter 76.1. Row Estimation Examples",
  url =          "https://www.postgresql.org/docs/current/row-estimation-examples.html",
  organization = "PostgreSQL",
  month =        September
}

@inproceedings{histogram,
  author       = {Surajit Chaudhuri},
  editor       = {Alberto O. Mendelzon and
                  Jan Paredaens},
  title        = {An Overview of Query Optimization in Relational Systems},
  booktitle    = {Proceedings of the Seventeenth {ACM} {SIGACT-SIGMOD-SIGART} Symposium
                  on Principles of Database Systems, June 1-3, 1998, Seattle, Washington,
                  {USA}},
  pages        = {34--43},
  publisher    = {{ACM} Press},
  year         = {1998},
  url          = {https://doi.org/10.1145/275487.275492},
  doi          = {10.1145/275487.275492},
  timestamp    = {Thu, 15 Nov 2018 10:37:42 +0100},
  biburl       = {https://dblp.org/rec/conf/pods/Chaudhuri98.bib},
  bibsource    = {dblp computer science bibliography, https://dblp.org}
}

@article{learning-based-estimation-1,
  author       = {Ji Sun and
                  Guoliang Li},
  title        = {An End-to-End Learning-based Cost Estimator},
  journal      = {Proc. {VLDB} Endow.},
  volume       = {13},
  number       = {3},
  pages        = {307--319},
  year         = {2019},
  url          = {http://www.vldb.org/pvldb/vol13/p307-sun.pdf},
  doi          = {10.14778/3368289.3368296},
  timestamp    = {Tue, 23 Mar 2021 15:33:11 +0100},
  biburl       = {https://dblp.org/rec/journals/pvldb/SunL19.bib},
  bibsource    = {dblp computer science bibliography, https://dblp.org}
}

@article{learning-based-estimation-2,
  author       = {Rong Zhu and
                  Ziniu Wu and
                  Yuxing Han and
                  Kai Zeng and
                  Andreas Pfadler and
                  Zhengping Qian and
                  Jingren Zhou and
                  Bin Cui},
  title        = {{FLAT:} Fast, Lightweight and Accurate Method for Cardinality Estimation},
  journal      = {Proc. {VLDB} Endow.},
  volume       = {14},
  number       = {9},
  pages        = {1489--1502},
  year         = {2021},
  url          = {http://www.vldb.org/pvldb/vol14/p1489-zhu.pdf},
  doi          = {10.14778/3461535.3461539},
  timestamp    = {Thu, 19 Oct 2023 11:19:36 +0200},
  biburl       = {https://dblp.org/rec/journals/pvldb/ZhuWHZPQZC21.bib},
  bibsource    = {dblp computer science bibliography, https://dblp.org}
}

@article{learning-based-estimation-3,
  author       = {Zongheng Yang and
                  Amog Kamsetty and
                  Sifei Luan and
                  Eric Liang and
                  Yan Duan and
                  Xi Chen and
                  Ion Stoica},
  title        = {NeuroCard: One Cardinality Estimator for All Tables},
  journal      = {Proc. {VLDB} Endow.},
  volume       = {14},
  number       = {1},
  pages        = {61--73},
  year         = {2020},
  url          = {http://www.vldb.org/pvldb/vol14/p61-yang.pdf},
  doi          = {10.14778/3421424.3421432},
  timestamp    = {Thu, 19 Aug 2021 17:53:57 +0200},
  biburl       = {https://dblp.org/rec/journals/pvldb/YangKLLDCS20.bib},
  bibsource    = {dblp computer science bibliography, https://dblp.org}
}

@inproceedings{learning-based-estimation-4,
  author       = {Andreas Kipf and
                  Thomas Kipf and
                  Bernhard Radke and
                  Viktor Leis and
                  Peter A. Boncz and
                  Alfons Kemper},
  title        = {Learned Cardinalities: Estimating Correlated Joins with Deep Learning},
  booktitle    = {9th Biennial Conference on Innovative Data Systems Research, {CIDR}
                  2019, Asilomar, CA, USA, January 13-16, 2019, Online Proceedings},
  publisher    = {www.cidrdb.org},
  year         = {2019},
  url          = {http://cidrdb.org/cidr2019/papers/p101-kipf-cidr19.pdf},
  timestamp    = {Mon, 18 Jul 2022 17:13:00 +0200},
  biburl       = {https://dblp.org/rec/conf/cidr/KipfKRLBK19.bib},
  bibsource    = {dblp computer science bibliography, https://dblp.org}
}

@inproceedings{DecoMine,
  author       = {Jingji Chen and
                  Xuehai Qian},
  editor       = {Tor M. Aamodt and
                  Natalie D. Enright Jerger and
                  Michael M. Swift},
  title        = {DecoMine: {A} Compilation-Based Graph Pattern Mining System with Pattern
                  Decomposition},
  booktitle    = {Proceedings of the 28th {ACM} International Conference on Architectural
                  Support for Programming Languages and Operating Systems, Volume 1,
                  {ASPLOS} 2023, Vancouver, BC, Canada, March 25-29, 2023},
  pages        = {47--61},
  publisher    = {{ACM}},
  year         = {2023},
  url          = {https://doi.org/10.1145/3567955.3567956},
  doi          = {10.1145/3567955.3567956},
  timestamp    = {Thu, 22 Dec 2022 11:53:15 +0100},
  biburl       = {https://dblp.org/rec/conf/asplos/ChenQ23.bib},
  bibsource    = {dblp computer science bibliography, https://dblp.org}
}

@inproceedings{AutoMine,
  author       = {Daniel Mawhirter and
                  Bo Wu},
  editor       = {Tim Brecht and
                  Carey Williamson},
  title        = {AutoMine: harmonizing high-level abstraction and high performance
                  for graph mining},
  booktitle    = {Proceedings of the 27th {ACM} Symposium on Operating Systems Principles,
                  {SOSP} 2019, Huntsville, ON, Canada, October 27-30, 2019},
  pages        = {509--523},
  publisher    = {{ACM}},
  year         = {2019},
  url          = {https://doi.org/10.1145/3341301.3359633},
  doi          = {10.1145/3341301.3359633},
  timestamp    = {Tue, 19 Nov 2019 12:45:13 +0100},
  biburl       = {https://dblp.org/rec/conf/sosp/Mawhirter019.bib},
  bibsource    = {dblp computer science bibliography, https://dblp.org}
}


@inproceedings{gcare,
  author       = {Yeonsu Park and
                  Seongyun Ko and
                  Sourav S. Bhowmick and
                  Kyoungmin Kim and
                  Kijae Hong and
                  Wook{-}Shin Han},
  editor       = {David Maier and
                  Rachel Pottinger and
                  AnHai Doan and
                  Wang{-}Chiew Tan and
                  Abdussalam Alawini and
                  Hung Q. Ngo},
  title        = {{G-CARE:} {A} Framework for Performance Benchmarking of Cardinality
                  Estimation Techniques for Subgraph Matching},
  booktitle    = {Proceedings of the 2020 International Conference on Management of
                  Data, {SIGMOD} Conference 2020, online conference [Portland, OR, USA],
                  June 14-19, 2020},
  pages        = {1099--1114},
  publisher    = {{ACM}},
  year         = {2020},
  url          = {https://doi.org/10.1145/3318464.3389702},
  doi          = {10.1145/3318464.3389702},
  timestamp    = {Mon, 26 Jun 2023 20:43:17 +0200},
  biburl       = {https://dblp.org/rec/conf/sigmod/ParkKBKHH20.bib},
  bibsource    = {dblp computer science bibliography, https://dblp.org}
}

@inproceedings{cset,
  author       = {Thomas Neumann and
                  Guido Moerkotte},
  editor       = {Serge Abiteboul and
                  Klemens B{\"{o}}hm and
                  Christoph Koch and
                  Kian{-}Lee Tan},
  title        = {Characteristic sets: Accurate cardinality estimation for {RDF} queries
                  with multiple joins},
  booktitle    = {Proceedings of the 27th International Conference on Data Engineering,
                  {ICDE} 2011, April 11-16, 2011, Hannover, Germany},
  pages        = {984--994},
  publisher    = {{IEEE} Computer Society},
  year         = {2011},
  url          = {https://doi.org/10.1109/ICDE.2011.5767868},
  doi          = {10.1109/ICDE.2011.5767868},
  timestamp    = {Fri, 24 Mar 2023 00:00:01 +0100},
  biburl       = {https://dblp.org/rec/conf/icde/NeumannM11.bib},
  bibsource    = {dblp computer science bibliography, https://dblp.org}
}

@inproceedings{GRFusion,
  author       = {Mohamed S. Hassan and
                  Tatiana Kuznetsova and
                  Hyun Chai Jeong and
                  Walid G. Aref and
                  Mohammad Sadoghi},
  editor       = {Michael H. B{\"{o}}hlen and
                  Reinhard Pichler and
                  Norman May and
                  Erhard Rahm and
                  Shan{-}Hung Wu and
                  Katja Hose},
  title        = {Extending In-Memory Relational Database Engines with Native Graph
                  Support},
  booktitle    = {Proceedings of the 21st International Conference on Extending Database
                  Technology, {EDBT} 2018, Vienna, Austria, March 26-29, 2018},
  pages        = {25--36},
  publisher    = {OpenProceedings.org},
  year         = {2018},
  url          = {https://doi.org/10.5441/002/edbt.2018.04},
  doi          = {10.5441/002/EDBT.2018.04},
  timestamp    = {Sun, 25 Jul 2021 11:46:53 +0200},
  biburl       = {https://dblp.org/rec/conf/edbt/HassanKJAS18.bib},
  bibsource    = {dblp computer science bibliography, https://dblp.org}
}

@article{gqfast,
  author       = {Chunbin Lin and
                  Benjamin Mandel and
                  Yannis Papakonstantinou and
                  Matthias Springer},
  title        = {Fast In-Memory {SQL} Analytics on Typed Graphs},
  journal      = {Proc. {VLDB} Endow.},
  volume       = {10},
  number       = {3},
  pages        = {265--276},
  year         = {2016},
  url          = {http://www.vldb.org/pvldb/vol10/p265-lin.pdf},
  doi          = {10.14778/3021924.3021941},
  timestamp    = {Tue, 16 Aug 2022 23:06:05 +0200},
  biburl       = {https://dblp.org/rec/journals/pvldb/LinMPS16.bib},
  bibsource    = {dblp computer science bibliography, https://dblp.org}
}

@online{apache-age,
  title =        "Apache/Age",
  url =          "https://github.com/apache/age",
}